@article{jiang_when_2021,
	title = {When machine learning meets congestion control: A survey and comparison},
	volume = {192},
	issn = {1389-1286},
	pages = {108033},
	journal = {Computer Networks},
	author = {Jiang, Huiling and Li, Qing and Jiang, Yong and Shen, {GengBiao} and Sinnott, Richard and Tian, Chen and Xu, Mingwei},
	year = {2021},
}


@techreport{aimd,
	type = {Request for {Comments}},
	title = {The {NewReno} {Modification} to {TCP}'s {Fast} {Recovery} {Algorithm}},
	url = {https://datatracker.ietf.org/doc/rfc6582},
	number = {RFC 6582},
	urldate = {2025-04-20},
	institution = {Internet Engineering Task Force},
	author = {Gurtov, Anei and Henderson, Tom and Floyd, Sally and Nishida, Yoshifumi},
	month = apr,
	year = {2012},
	doi = {10.17487/RFC6582},
	note = {Num Pages: 16},
}

@inproceedings{copa,
	address = {New York, NY, USA},
	series = {{ANRW} '18},
	title = {Copa: {Practical} {Delay}-{Based} {Congestion} {Control} for the {Internet}},
	isbn = {978-1-4503-5585-8},
	shorttitle = {Copa},
	url = {https://doi.org/10.1145/3232755.3232783},
	doi = {10.1145/3232755.3232783},
	urldate = {2025-04-19},
	booktitle = {Proceedings of the 2018 {Applied} {Networking} {Research} {Workshop}},
	publisher = {Association for Computing Machinery},
	author = {Arun, Venkat and Balakrishnan, Hari},
	month = jul,
	year = {2018},
	pages = {19},
}

@article{bbr,
	title = {{BBR}: {Congestion}-{Based} {Congestion} {Control}: {Measuring} bottleneck bandwidth and round-trip propagation time},
	volume = {14},
	issn = {1542-7730},
	shorttitle = {{BBR}},
	url = {https://dl.acm.org/doi/10.1145/3012426.3022184},
	doi = {10.1145/3012426.3022184},
	number = {5},
	urldate = {2025-04-26},
	journal = {Queue},
	author = {Cardwell, Neal and Cheng, Yuchung and Gunn, C. Stephen and Yeganeh, Soheil Hassas and Jacobson, Van},
	month = oct,
	year = {2016},
	pages = {20--53},
}

@inproceedings{ccac,
	address = {New York, NY, USA},
	series = {{SIGCOMM} '21},
	title = {Toward formally verifying congestion control behavior},
	isbn = {978-1-4503-8383-7},
	url = {https://dl.acm.org/doi/10.1145/3452296.3472912},
	doi = {10.1145/3452296.3472912},
	urldate = {2025-04-27},
	booktitle = {Proceedings of the 2021 {ACM} {SIGCOMM} 2021 {Conference}},
	publisher = {Association for Computing Machinery},
	author = {Arun, Venkat and Arashloo, Mina Tahmasbi and Saeed, Ahmed and Alizadeh, Mohammad and Balakrishnan, Hari},
	month = aug,
	year = {2021},
	pages = {1--16},
}
